










% TODO: Remove the follow references as they are just part of the template.

@PHDTHESIS{,
  AUTHOR =       {},
  TITLE =        {},
  SCHOOL =       {},
  YEAR =         {},
  type =         {},
  address =      {},
  month =        {},
  note =         {},
  abstract =     {},
  keywords =     {},
  source =       {}
}

@MASTERSTHESIS{,
  AUTHOR =       {},
  TITLE =        {},
  SCHOOL =       {},
  YEAR =         {},
  type =         {},
  address =      {},
  month =        {},
  note =         {},
  abstract =     {},
  keywords =     {},
  source =       {}
}

@ARTICLE{,
  AUTHOR =       {},
  TITLE =        {},
  JOURNAL =      {},
  YEAR =         {},
  volume =       {},
  number =       {},
  pages =        {},
  month =        {},
  note =         {},
  keywords =     {},
  abstract =     {}
}

@BOOK{,
  AUTHOR =       {},
  editor =       {},
  TITLE =        {},
  PUBLISHER =    {},
  YEAR =         {},
  volume =       {},
  number =       {},
  series =       {},
  address =      {},
  edition =      {},
  month =        {},
  note =         {},
  price =        {},
  keywords =     {},
  abstract =     {},
  isbn =         {},
  source =       {}
}

@INPROCEEDINGS{,
  AUTHOR =       {},
  TITLE =        {},
  BOOKTITLE =    {},
  YEAR =         {},
  editor =       {},
  volume =       {},
  number =       {},
  series =       {},
  pages =        {},
  address =      {},
  month =        {},
  organization = {},
  publisher =    {},
  note =         {},
  keywords =     {},
  abstract =     {}
}

@MISC{,
  author =       {},
  title =        {},
  howpublished = {},
  year =         {},
  month =        {},
  note =         {},
  abstract =     {},
  keywords =     {},
  source =       {}
}
