

@online{github-bean5-porter7,
	AUTHOR = {C.J. van Rijsbergen and S.E. Robertson and M.F. Porter},
	TITLE = {Java 7 Port of Porter Stemmer},
	Month = oct,
	Year = {2013},
	NOTE = "[online; Accessed on 2013-10-24; Ported by Michael Bean]",
	URL = {https://github.com/~bean5/Java-Porter-Stemmer}
}



@online{FDA-DM,
	AUTHOR = {Neil Versel},
	TITLE = {FDA Data Mining Uncovers Harmful Drug Interaction},
	Month = July,
	Year = {2011},
	NOTE = "[online; Accessed on 2014-09-01]",
	URL = {http://www.informationweek.com/healthcare/electronic-health-records/fda-data-mining-uncovers-harmful-drug-interaction/d/d-id/1099097?}
}

@online{sentinel-initiative,
	AUTHOR = {U.S. Department of Health and Human Services, Food and Drug Administration},
	TITLE = {The Sentinel Initiative: A National Strategy for Monitoring Medical Product Safety},
	Month = May,
	Year = {2008},
	NOTE = "[online; Accessed on 2014-09-01]",
	URL = {http://www.fda.gov/Safety/FDAsSentinelInitiative/ucm089474.htm}
}

@online{adverse-drug-event-discovery,
	AUTHOR = {Rave Harpaz and William DuMouchel and Nigam H. Shah and David Madigan and Patrick Ryan and Carol Friedman},
	TITLE = {Novel Data Mining Methodologies for Adverse Drug Event Discovery and Analysis},
	Month = June,
	Year = {2013},
	NOTE = "[online; Accessed on 2014-09-01]",
	URL = {http://www.ncbi.nlm.nih.gov/pmc/articles/PMC3675775/}
}

%overfit, fit, neural network
@INPROCEEDINGS{Lawrence97lessonsin,
    author = {Steve Lawrence and C. Lee Giles and Ah Chung Tsoi},
    title = {Lessons in Neural Network Training: Overfitting May be Harder than Expected},
    booktitle = {In Proceedings of the Fourteenth National Conference on Artificial Intelligence, AAAI-97},
    year = {1997},
    pages = {540--545},
    publisher = {AAAI Press}
}

@online{grapenuts,
	AUTHOR = {Michael Bean and Dallin Smith and John Chesley},
	TITLE = {GrapeNuts Classifier},
	Month = Mar,
	Year = {2013},
	NOTE = "[online; Accessed on 2014-09-01]",
	URL = {http://bean5.github.io/machine-learning/food-classification/index.html}
}



@book{rumelhart-1986a,
    AUTHOR = {D.E. Rumelhart and G.E. Hinton and R.J. Williams},
    YEAR = {1986a},
    TITLE = {Learning representations by error propagation},
    PUBLISHER = {The PDP Research Group (Eds.)},
    JOURNAL = {Parallel distributed processing},
    VOLUME = {1},
    PRESS = {MIT Press, Cambridge, MA},
    pages = {318–362}
}

@article{Quinlan:1996:LDT:234313.234346,
    author = {Quinlan, J. R.},
    title = {Learning Decision Tree Classifiers},
    journal = {ACM Comput. Surv.},
    issue_date = {March 1996},
    volume = {28},
    number = {1},
    month = mar,
    year = {1996},
    issn = {0360-0300},
    pages = {71--72},
    numpages = {2},
    url = {http://doi.acm.org/10.1145/234313.234346},
    doi = {10.1145/234313.234346},
    acmid = {234346},
    publisher = {Association for Computing Machinery},
    address = {New York, NY},
}

%xyz include other authors
@online{jon-forsyth-thesis,
    AUTHOR = {Forsyth, Jonathan Neil},
    TITLE = {Automatic Readability Detection for Modern Standard Arabic},
    Year = {2014},
    school = {Brigham Young University},
    %Theses and Dissertations. Paper 3983.
    URL = {http://scholarsarchive.byu.edu/etd/3983}
}

@online{paul-huff-dna,
    AUTHOR = {Paul Huff},
    TITLE = {PyAline: Automatically Growing Language Family Trees Using the ALINE Distance},
    Month = Oct,
    Year = {2010},
    school = {Brigham Young University},
    URL = {http://scholarsarchive.byu.edu/etd/3983}
}

@book{Field:2005:DSU:1036774,
	author = {Field, Andy},
	title = {Discovering Statistics Using SPSS},
	year = {2005},
	isbn = {0761944524},
	publisher = {SAGE Publications},
}


%Mention as an example of non-textual use
%http://dl.acm.org/citation.cfm?id = 2348349
@inproceedings{Qumsiyeh:2012:PRM:2348283.2348349,
	author = {Qumsiyeh, Rani and Ng, Yiu-Kai},
	title = {Predicting the Ratings of Multimedia Items for Making Personalized Recommendations},
	booktitle = {Proceedings of the 35th International ACM SIGIR Conference on Research and Development in Information Retrieval},
	series = {SIGIR '12},
	year = {2012},
	isbn = {978-1-4503-1472-5},
	location = {Portland, Oregon, USA},
	pages = {475--484},
	numpages = {10},
	url = {http://doi.acm.org/10.1145/2348283.2348349},
	doi = {10.1145/2348283.2348349},
	acmid = {2348349},
	publisher = {ACM},
	address = {New York, NY, USA},
	keywords = {genre, multimedia recommender, popularity, rating, review}
}

%``Recommender systems are quickly becoming ubiquitous in many Web applications, including e-commerce, social media channels, content providers, among others. These systems act as an enabling mechanism designed to overcome the information overload problem by improving browsing and consumption experience.’’
%http://dl.acm.org/citation.cfm?id = 2433492
@inproceedings{Lacerda:2013:BUP:2433396.2433492,
	author = {Lacerda, Anisio and Ziviani, Nivio},
	title = {Building User Profiles to Improve User Experience in Recommender Systems},
	booktitle = {Proceedings of the Sixth ACM International Conference on Web Search and Data Mining},
	series = {WSDM '13},
	year = {2013},
	isbn = {978-1-4503-1869-3},
	location = {Rome, Italy},
	pages = {759--764},
	numpages = {6},
	url = {http://doi.acm.org/10.1145/2433396.2433492},
	doi = {10.1145/2433396.2433492},
	acmid = {2433492},
	publisher = {Association for Computing Machinery},
	address = {New York, NY},
	keywords = {diversity, novelty, recommender systems}
}

@online{about_jod,
	AUTHOR = {{The Church of Jesus Christ of Latter-day Saints}},
	title = {{Journal of Discourses}},
%	Month = Sept,
	Year = {2014},
	NOTE = "[online; Accessed on 2014-09-01]",
	URL = {https://www.lds.org/topics/journal-of-discourses?lang=eng}
}



%Top-n mentioned, which is promising, but they mention some...
%http://dl.acm.org/citation.cfm?id = 2488151
@inproceedings{Jelassi:2013:PRS:2487788.2488151,
	author = {Jelassi, Mohamed Nader and Ben Yahia, Sadok and Mephu Nguifo, Engelbert},
	title = {A Personalized Recommender System Based on Users' Information in Folksonomies},
	booktitle = {Proceedings of the 22Nd International Conference on World Wide Web Companion},
	series = {WWW '13 Companion},
	year = {2013},
	isbn = {978-1-4503-2038-2},
	location = {Rio de Janeiro, Brazil},
	pages = {1215--1224},
	numpages = {10},
	url = {http://dl.acm.org/citation.cfm?id = 2487788.2488151},
	acmid = {2488151},
	publisher = {International World Wide Web Conferences Steering Committee},
	address = {Republic and Canton of Geneva, Switzerland},
	keywords = {folksonomy, precision, profile, quadratic concepts, recommender system, users}
}

@MISC{Jafarpour_stylisticanalysis,
    author = {Sina Jafarpour and G\"{u}ng\"{o}r Polatkan and Eugene Brevdo and Shannon Hughes and Andrei Brasoveanu and Ingrid Daubechies},
    title = {STYLISTIC ANALYSIS OF PAINTINGS USING WAVELETS AND MACHINE LEARNING},
    year = {}
}

%jitter, ml, machine learning
@article{Reed:1995:SER:2325865.2328504,
    author = {Reed, R. and Marks,II, R. J. and Oh, S.},
    title = {Similarities of Error Regularization, Sigmoid Gain Scaling, Target Smoothing, and Training with Jitter},
    journal = {Trans. Neur. Netw.},
    issue_date = {May 1995},
    volume = {6},
    number = {3},
    month = may,
    year = {1995},
    issn = {1045-9227},
    pages = {529--538},
    numpages = {10},
    url = {http://dx.doi.org/10.1109/72.377960},
    doi = {10.1109/72.377960},
    acmid = {2328504},
    publisher = {IEEE Press},
    address = {Piscataway, NJ},
}

@online{mormon.org-rs,
	AUTHOR	= {Mormon.org},
	TITLE	 = {What is the Relief Society?},
	Month = oct,
	Year = {2013},
	NOTE = "[online; Accessed on 2013-10-24]",
	URL = {http://mormon.org/faq/relief-society}
}

@misc{wiki:\emph{TF-IDF},
	author = "Wikipedia",
	title = "Lucene --- Wikipedia{,} The Free Encyclopedia",
	year = "2013",
	url = "http://en.wikipedia.org/w/index.php?title=Lucene&oldid=575842086",
	note = "[online; accessed 14-November-2013]"
}
